<?xml version="1.0" encoding="UTF-8"?><record xmlns="http://www.loc.gov/MARC21/slim" xmlns:cinclude="http://apache.org/cocoon/include/1.0" xmlns:zs="http://www.loc.gov/zing/srw/">
  <leader>00562cz  a2200133n  4500</leader>
  <controlfield tag="001">n  88639562 </controlfield>
  <controlfield tag="003">DLC</controlfield>
  <controlfield tag="005">20080228081233.0</controlfield>
  <controlfield tag="008">880526n| acannaabn          |n and      </controlfield>
  <datafield tag="010" ind1=" " ind2=" ">
    <subfield code="a">n  88639562 </subfield>
  </datafield>
  <datafield tag="035" ind1=" " ind2=" ">
    <subfield code="a">(OCoLC)oca02287701</subfield>
  </datafield>
  <datafield tag="040" ind1=" " ind2=" ">
    <subfield code="a">DLC</subfield>
    <subfield code="b">eng</subfield>
    <subfield code="c">DLC</subfield>
    <subfield code="d">DLC</subfield>
    <subfield code="d">OCoLC</subfield>
  </datafield>
  <datafield tag="110" ind1="2" ind2=" ">
    <subfield code="a">Panitia Pemilihan Daerah Tingkat II Kotamadya Tebing Tinggi</subfield>
  </datafield>
  <datafield tag="670" ind1=" " ind2=" ">
    <subfield code="a">nuc88-59446: Dokumantasi Pemilihan umum 1977 Daerah ... [MI] 1979</subfield>
    <subfield code="b">(hdg. on HU rept.: Panitia Pemilihan Daerah Tingkat II Kotamadya Tebing Tinggi; usage: Panitia Pemilihan Daerah Tingkat II Kotamadya Tebing Tinggi)</subfield>
  </datafield>
</record>